<record><leader>00000cas a22000007a 4500</leader><controlfield tag="001">25902308</controlfield><controlfield tag="008">920528d19311938wyuwr ne      0    0eng d</controlfield><datafield ind1=" " ind2=" " tag="010"><subfield code="a">sn 92067061 </subfield></datafield><datafield ind1=" " ind2=" " tag="040"><subfield code="a">NVO</subfield><subfield code="b">eng</subfield><subfield code="c">NVO</subfield><subfield code="d">OCLCQ</subfield></datafield><datafield ind1=" " ind2=" " tag="042"><subfield code="a">msc</subfield></datafield><datafield ind1="0" ind2="4" tag="245"><subfield code="a">The State news and Laramie County news.</subfield></datafield><datafield ind1="3" ind2="0" tag="246"><subfield code="a">State news</subfield></datafield><datafield ind1="1" ind2="3" tag="246"><subfield code="a">Laramie County news</subfield></datafield><datafield ind1=" " ind2=" " tag="260"><subfield code="a">Burns, Laramie County, Wyo. :</subfield><subfield code="b">L.L. Williams &amp; Son</subfield></datafield><datafield ind1=" " ind2=" " tag="300"><subfield code="a">v.</subfield></datafield><datafield ind1=" " ind2=" " tag="310"><subfield code="a">Weekly</subfield></datafield><datafield ind1="0" ind2=" " tag="362"><subfield code="a">Vol. 1, no. 1 (Dec. 3, 1931)-v. 7, no. 37 (Aug. 25, 1938).</subfield></datafield><datafield ind1=" " ind2=" " tag="515"><subfield code="a">Also includes numbering of the Laramie County news.</subfield></datafield><datafield ind1=" " ind2="4" tag="651"><subfield code="a">Laramie County (Wyo.)</subfield><subfield code="v">Newspapers.</subfield></datafield><datafield ind1=" " ind2="4" tag="651"><subfield code="a">Burns (Wyo.)</subfield><subfield code="v">Newspapers.</subfield></datafield><datafield ind1=" " ind2=" " tag="752"><subfield code="a">United States</subfield><subfield code="b">Wyoming</subfield><subfield code="c">Laramie</subfield><subfield code="d">Burns.</subfield></datafield><datafield ind1="0" ind2="0" tag="780"><subfield code="t">Laramie County news</subfield><subfield code="w">(DLC)sn 93070090</subfield></datafield><datafield ind1="0" ind2="0" tag="785"><subfield code="t">Laramie County news and the state news</subfield><subfield code="w">(DLC)sn 92067062</subfield></datafield></record>